an article in a journal
Note the use of the IEEE_J_EDL string, defined in the IEEEabrv.bib file,
for the journal name. IEEEtran.bst defines the BibTeX standard three
letter month codes per IEEE style.
From the June 2002 issue of "IEEE Transactions on Electron Devices",
page 996, reference #16.

@article{IEEEexample:article_typical,
  author        = "S. Zhang and C. Zhu and J. K. O. Sin and P. K. T. Mok",
  title         = "A Novel Ultrathin Elevated Channel Low-temperature 
                   Poly-{Si} {TFT}",
  volume        = "20",
  year          = "1999",
  pages         = "569-571"
}

@article{mulani,
  author        = "T. Mulani and S. Pingle",
  title         = "Internet of Things",
  journal       = "International Research Journal of Multidisciplinary Studies",
  url           = "http://www.irjms.in/sites/irjms/index.php/files/article/view/270/256",
  volume        = "2",
  year          = "2016",
  note					= "[Accessed 7 Nov. 2016]",
}

@article{meola,
  author        = "A. Meola",
  title         = "How the Internet of Things will affect security \& privacy",
  journal       = "Bussiness Insider",
  url           = "http://www.businessinsider.com/internet-of-things-security-privacy-2016-8",
  year          = "2016",
  note					= "[Accessed 7 Nov. 2016]",
}

@article{raspberryiot,
  author        = "M. Maksimović and V. Vujović and N. Davidović and V. Milošević and B. Perišić",
  title         = "Raspberry Pi as Internet of things hardware: performances and constraints",
  journal       = "Design issues",
  url           = "https://www.researchgate.net/profile/Branko_Perisic/publication/272175660_Raspberry_Pi_as_Internet_of_Things_hardware_Performances_and_Constraints/links/54de02e40cf23bf204397efe.pdf",
  year          = "2014",
  note					= "[Accessed 7 Nov. 2016]",
}

@article{windriver,
  author        = "Windriver.com",
  title         = "Security in the Internet of Things",
  url           = "http://www.windriver.com/whitepapers/security-in-the-internet-of-things/wr_security-in-the-internet-of-things.pdf",
  year          = "2016",
  note					= "[Accessed 7 Nov. 2016]",
}

@article{raspberrysensor,
  author        = "V. Vujović and M. Maksimović",
  title         = "Raspberry Pi as a Sensor Web node for home automation",
  url           = "http://www.sciencedirect.com/science/article/pii/S0045790615000257",
  year          = "2016",
  note					= "[Accessed 7 Nov. 2016]",
}

@misc{parking,
	author = "Libelium.com",
	title = "Smart City Project in Santander Monitors Environmental Parameters and Parking Slots | Libelium",
	year = "2016",
	url = "http://www.libelium.com/smart_santander_smart_parking/",
	note = "[Accessed 7 Nov. 2016]",
}

@article{ddos,
  author        = "J. Mirkovic and P. Reiher",
  title         = "A taxonomy of DDoS attack and DDoS defense mechanisms.",
  journal				= "ACM SIGCOMM Computer Communication Review",
  url           = "http://dl.acm.org/citation.cfm?id=997156",
  year          = "2004",
  note					= "[Accessed 11 Nov. 2016]",
}

@misc{flashpoint,
	title = "Flashpoint-intel.com",
	url = "http://www.flashpoint-intel.com",
}

@article{fpmirai,
	author	= "Flashpoint-intel.com",
	title		= "Mirai Botnet Linked to Dyn DNS DDoS Attacks",
	url			= "https://www.flashpoint-intel.com/mirai-botnet-linked-dyn-dns-ddos-attacks/",
	year		= "2016",
	note		= "[Accessed 18 Nov. 2016]"
}

@misc{dynstatement,
	title 	= "Dyn Statement on 10/21/2016 DDoS Attack",
	url			= "http://dyn.com/blog/dyn-statement-on-10212016-ddos-attack/",
	year		= "2016",
	note		= "[Accessed 18 Nov. 2016]"
}

@article{proofpoint,
	author	= "Investors.proofpoint.com",
	title		= "Proofpoint Uncovers Internet of Things (IoT) Cyberattack",
	url			= "http://investors.proofpoint.com/releasedetail.cfm?ReleaseID=819799",
	year		= "2014",
	note		= "[Accessed 18 Nov. 2016]"
}

@article{scmagazine,
	author 	= "R. Millman",
	title		= "OVH suffers 1.1Tbps DDoS attack",
	url			= "http://www.scmagazineuk.com/ovh-suffers-11tbps-ddos-attack/article/524826/",
	year		= "2016",
	note		= "[Accessed 19 Nov. 2016]"
}

